@inproceedings{csahin:IWSS:2004,
  title={Swarm robotics: From sources of inspiration to domains of application},
  author={{\c{S}}ahin, Erol},
  booktitle={International workshop on swarm robotics},
  pages={10--20},
  year={2004},
  organization={Springer}
}


@article{francesca:Frontiers:2016,
  title={Automatic design of robot swarms: achievements and challenges},
  author={Francesca, Gianpiero and Birattari, Mauro},
  journal={Frontiers in Robotics and AI},
  volume={3},
  pages={29},
  year={2016},
  publisher={Frontiers}
}

@article{brambilla:SI:2013,
  title={Swarm robotics: a review from the swarm engineering perspective},
  author={Brambilla, Manuele and Ferrante, Eliseo and Birattari, Mauro and Dorigo, Marco},
  journal={Swarm Intelligence},
  volume={7},
  number={1},
  pages={1--41},
  year={2013},
  publisher={Springer}
}


@article{ferrante:PLOS_CB:2015,
  title={Evolution of self-organized task specialization in robot swarms},
  author={Ferrante, Eliseo and Turgut, Ali Emre and Du{\'e}{\~n}ez-Guzm{\'a}n, Edgar and Dorigo, Marco and Wenseleers, Tom},
  journal={PLoS computational biology},
  volume={11},
  number={8},
  pages={e1004273},
  year={2015},
  publisher={Public Library of Science}
}